@article{Mariann-2003,
	doi	= {10.1016/s0020-0190(02)00351-4},
	title	= {Asymptotic analysis of an optimized quicksort algorithm},
	author	= {Marianne Durand},
	publisher	= {Elsevier Science},
	journal	= {Information Processing Letters},
	issnp	= {0020-0190},
	year	= {2003},
	volume	= {85},
	issue	= {2},
	page	= {73--77},
	url =       {http://gen.lib.rus.ec/scimag/index.php?s=10.1016/s0020-0190(02)00351-4},
}
@book { 871947
	author	= "Donald Ervin Knuth", 
	title	= "The art of computer programming, vol.3: sorting and searching" 
}
@article{H.M-2007,
	doi	= {10.1016/j.jda.2006.07.003},
	title	= {Asymptotic distributions for Random Median Quicksort},
	author	= {H.M. Okasha; U. Rösler},
	publisher	= {Elsevier Science},
	journal	= {Journal of Discrete Algorithms},
	issnp	= {1570-8667},
	year	= {2007},
	volume	= {5},
	issue	= {3},
	page	= {592--608},
	url =       {http://gen.lib.rus.ec/scimag/index.php?s=10.1016/j.jda.2006.07.003},
}

@article{Davi-2005,
	doi	= {10.1016/j.ins.2004.07.002},
	title	= {Acceleration of sweep-line technique by employing smart quicksort},
	author	= {David Podgorelec; Gregor Klajnšek},
	publisher	= {Elsevier Science},
	journal	= {Information Sciences},
	issnp	= {0020-0255},
	year	= {2005},
	volume	= {169},
	issue	= {3-4},
	page	= {383--408},
	url =       {http://gen.lib.rus.ec/scimag/index.php?s=10.1016/j.ins.2004.07.002},
}
@article{XYZ,
	author = {Kirschenhofer, P. and Prodinger, H. and Martínez, C.},
	title = {Analysis of Hoare's FIND algorithm with Median-of-three partition},
	journal = {Random Structures \& Algorithms},
	volume = {10},
	number = {1‐2},
	year = {1992},
	pages = {143-156}
}