@article{Michae-1980,
doi	= {10.1016/0022-314x(80)90084-0},
title	= {Probabilistic algorithm for testing primality},
author	= {Michael O Rabin},
publisher	= {Elsevier Science},
journal	= {Journal of Number Theory},
issnp	= {0022-314X},
issne	= {1096-1658},
year	= {1980},
volume	= {12},
issue	= {1},
page	= {128--138},
url =       {http://gen.lib.rus.ec/scimag/index.php?s=10.1016/0022-314x(80)90084-0},
}