@article{PODGORELEC2005383,
	title = "Acceleration of sweep-line technique by employing smart quicksort",
	journal = "Information Sciences",
	volume = "169",
	number = "3",
	pages = "383 - 408",
	year = "2005",
	issn = "0020-0255",
	DOI = {10.1016/j.ins.2004.07.002},
	author = "David Podgorelec and Gregor Klajn≈°ek",
	keywords = "Computational geometry, Polygon triangulation, Quicksort, Smart quicksort, Sweep-line, Vertex sort",
}
@book{knuth1997art,
	title={The art of computer programming: sorting and searching},
	author={Knuth, Donald Ervin},
	volume={3},
	year={1997},
	publisher={Pearson Education}
}
@book{cormen2009introduction,
	title={Introduction to algorithms},
	author={Cormen, Thomas H and Leiserson, Charles E and Rivest, Ronald L and Stein, Clifford},
	year={2009},
	publisher={MIT press}
}
@article{ABC,
	author = {Hoare, C. A. R.},
	title = {Quicksort},
	journal = {The Computer Journal},
	volume = {5},
	number = {1},
	pages = {10-16},
	year = {1962}
}
@book{hogg1995introduction,
	title={Introduction to mathematical statistics},
	author={Hogg, Robert V and Craig, Allen T},
	year={1995},
	publisher={Upper Saddle River, New Jersey: Prentice Hall}
}
@article{cover1967nearest,
	title={Nearest neighbor pattern classification},
	author={Cover, Thomas and Hart, Peter},
	journal={IEEE transactions on information theory},
	volume={13},
	number={1},
	pages={21--27},
	year={1967},
	publisher={IEEE}
}